@article{ref:holmes2013,
  author = {C. D. Holmes and M. J. Prather and O. A. S{\o}vde and G. Myhre},
  date-added = {2015-10-26 22:03:41 +0000},
  date-modified = {2015-10-26 22:04:55 +0000},
  journal = {ACP},
  pages = {285-302},
  title = {{Future methane, hydroxyl, and their uncertainties: key climate and emission parameters for future predictions}},
  volume = {13},
  year = {2013},
}
